% Encoding: UTF-8

@book{MYUNG2005Quasi,
  title={Quasi-cyclic LDPC codes for fast encoding},
  author={MYUNG and Seho and YANG and Kyeongcheol and KIM and Jaeyoel},
  year={2005},
}

@book{Knuth2002计算机程序设计艺术,
  title={计算机程序设计艺术.第3卷,排序与查找},
  author={Knuth, Donalde.},
  year={2002},
}

@book{2001纠错码——原理与方法,
  title={纠错码——原理与方法 (修订版)},
  year={2001},
}

%@Comment{jabref-meta: databaseType:bibtex;}
